@incollection{forgy1989rete,
  title={Rete: A fast algorithm for the many pattern/many object pattern match problem},
  author={Forgy, Charles L},
  booktitle={Readings in Artificial Intelligence and Databases},
  pages={547--559},
  year={1989},
  publisher={Elsevier}
}

@article{miller1956magical,
  title={The magical number seven, plus or minus two: Some limits on our capacity for processing information},
  author={Miller, George A},
  journal={Psychological Review},
  volume={63},
  number={2},
  pages={81--97},
  year={1956},
  publisher={American Psychological Association}
}

@inproceedings{quine1953three,
  title={Three grades of modal involvement},
  author={Quine, Willard V},
  booktitle={Proceedings of the XIth International Congress of Philosophy},
  volume={14},
  pages={65--81},
  year={1953},
  organization={Cambridge University Press}
}

@book{date2000not,
  title={What not how: the business rules approach to application development},
  author={Date, Christopher John},
  year={2000},
  publisher={Addison-Wesley}
}

@misc{Fowler_rulesEngine,
  title={Should {I} use a Rules Engine?},
  author={Fowler, Martin},
  howpublished={\url{https://martinfowler.com/bliki/RulesEngine.html}},
  year={2009},
  note={Accessed: 2021-07-18}
}

@book{jackson1986introduction,
  title={Introduction to Expert Systems},
  author={Jackson, Peter},
  year={1986},
  publisher={Addison-Wesley}
}

@techreport{shortliffe1974mycin,
  title={{MYCIN}: a rule-based computer program for advising physicians regarding antimicrobial therapy selection},
  author={Shortliffe, Edward Hance},
  year={1974},
  institution={Stanford University}
}

@misc{CLIPSProductPage,
  title={{CLIPS} Product Page},
  howpublished={\url{http://www.clipsrules.net/}},
  note={Accessed: 2021-07-17}
}

@misc{DroolsProductPage,
  title={{Drools} Product Page},
  howpublished={\url{https://www.drools.org/}},
  note={Accessed: 2021-07-17}
}

@misc{BiztalkProductPage,
  title={{BizTalk} Product Page},
  howpublished={\url{https://docs.microsoft.com/en-gb/biztalk/}},
  note={Accessed: 2021-07-17}
}

@misc{JRulesProductPage,
  title={{IBM WebSphere JRules} Product Page},
  howpublished={\url{https://www.ibm.com/docs/en/iis/11.7?topic=applications-websphere-ilog-jrules}},
  note={Accessed: 2021-07-17}
}

@misc{OpenRulesProductPage,
  title={{OpenRules} Product Page},
  howpublished={\url{https://openrules.com/}},
  note={Accessed: 2021-07-17}
}

@article{sottara2010configurable,
  title={A configurable {Rete-OO} engine for reasoning with different types of imperfect information},
  author={Sottara, Davide and Mello, Paola and Proctor, Mark},
  journal={IEEE Transactions on Knowledge and Data Engineering},
  volume={22},
  number={11},
  pages={1535--1548},
  year={2010},
  publisher={IEEE}
}

@techreport{donzeau1980programming,
  title={Programming environments based on structured editors: {The MENTOR experience}},
  author={Donzeau-Gouge, Veronique and Huet, Gerard and Kahn, Gilles and Lang, Bernard},
  year={1980},
  institution={{Institut National de Recherche en Informatique et en Automatique}}
}

@article{medina1981incremental,
  title={An incremental programming environment},
  author={Medina-Mora, Raul and Feiler, Peter H.},
  journal={IEEE Transactions on Software Engineering},
  volume={SE-7},
  number={5},
  pages={472--482},
  year={1981},
  publisher={IEEE}
}

@article{NotkinDavid1985TGp,
  title={The {GANDALF} project},
  author={Notkin, David},
  journal={The Journal of Systems and Software},
  number={2},
  pages={91-105},
  publisher={Elsevier Inc},
  volume={5},
  year={1985},
}

@article{teitelbaum1981cornell,
  title={The {Cornell} program synthesizer: a syntax-directed programming environment},
  author={Teitelbaum, Tim and Reps, Thomas},
  journal={Communications of the ACM},
  volume={24},
  number={9},
  pages={563--573},
  year={1981},
  publisher={ACM}
}

@book{reps2012synthesizer,
  title={The {Synthesizer Generator}: A system for constructing language-based editors},
  author={Reps, Thomas W and Teitelbaum, Tim},
  year={2012},
  publisher={Springer}
}

@inproceedings{simonyi1995death,
  title={The death of computer languages, the birth of intentional programming},
  author={Simonyi, Charles},
  booktitle={NATO Science Committee Conference},
  pages={17--18},
  year={1995},
  organization={Springer}
}

@article{dmitriev2004language,
  title={Language oriented programming: The next programming paradigm},
  author={Dmitriev, Sergey},
  journal={JetBrains Onboard},
  volume={1},
  number={2},
  pages={1--13},
  year={2004}
}

@article{erdweg2015evaluating,
  title={Evaluating and comparing language workbenches: Existing results and benchmarks for the future},
  author={Erdweg, Sebastian and van der Storm, Tijs and V{\"o}lter, Markus and Tratt, Laurence and Bosman, Remi and Cook, William R and Gerritsen, Albert and Hulshout, Angelo and Kelly, Steven and Loh, Alex and others},
  journal={Computer Languages, Systems \& Structures},
  volume={44},
  number={Part A},
  pages={24--47},
  year={2015},
  publisher={Elsevier}
}

@misc{MasPostMortem,
  title={{M{\'{a}}s} Post mortem},
  howpublished={\url{https://medium.com/@dslmeinte/post-mortem-for-m\%C3\%A1s-aeca7542c4c8}},
  note={Accessed: 2021-09-07}
}

@misc{WholePlatformProductPage,
  title={{Whole Platform}},
  howpublished={\url{https://whole.sourceforge.io/}},
  note={Accessed: 2021-09-07}
}

@inproceedings{lorenz2011cedalion,
  title={Cedalion: a language for language oriented programming},
  author={Lorenz, David H and Rosenan, Boaz},
  booktitle={Proceedings of the 2011 ACM International Conference on Object Oriented Programming Systems Languages and Applications},
  pages={733--752},
  year={2011},
  organization={ACM}
}

@inproceedings{hempel2018deuce,
  title={Deuce: a lightweight user interface for structured editing},
  author={Hempel, Brian and Lubin, Justin and Lu, Grace and Chugh, Ravi},
  booktitle={Proceedings of the 40th International Conference on Software Engineering},
  pages={654--664},
  year={2018},
  organization={IEEE/ACM}
}

@misc{Blockly_ProductPage,
  title={Google {Blockly} Product Page},
  howpublished={\url{https://developers.google.com/blockly/}},
  note={Accessed: 2021-09-08}
}

@MastersThesis{klimevs2016domain,
  title={Domain-Specific Language for Learning Programming},
  author={Klime{\v{s}}, Jon{\'a}{\v{s}}},
  year={2016},
  school={Univerzita Karlova, Matematicko-fyzik{\'a}ln{\'\i} fakulta}
}

@inproceedings{ratiu2017experiences,
  title={Experiences with teaching {MPS} in industry: towards bringing domain specific languages closer to practitioners},
  author={Ratiu, Daniel and Pech, V{\'a}clav and Dummann, Kolja},
  booktitle={2017 ACM/IEEE 20th International Conference on Model Driven Engineering Languages and Systems},
  pages={83--92},
  year={2017},
  organization={IEEE}
}

@inproceedings{volter2010language,
  title={Language extension and composition with language workbenches},
  author={V{\"o}lter, Markus and Visser, Eelco},
  booktitle={Proceedings of the ACM international Conference Companion on Object Oriented Programming Systems Languages and Applications Companion},
  pages={301--304},
  year={2010},
  organization={ACM}
}

@inproceedings{voelter2014towards,
  title={Towards user-friendly projectional editors},
  author={V{\"o}lter, Markus and Siegmund, Janet and Berger, Thorsten and Kolb, Bernd},
  booktitle={International Conference on Software Language Engineering},
  pages={41--61},
  year={2014},
  organization={Springer}
}

@article{hosseinkord2021code,
  title={Code and Structure Editing for Teaching: A Case Study in using Bibliometrics to Guide Computer Science Research},
  author={Hosseinkord, Maryam and Dulai, Gurleen and Osmani, Narges and Anand, Christopher K},
  journal={ArXiv},
  year={2021}
}

@book{voelter2013dsl,
  title={{DSL} engineering: Designing, implementing and using domain-specific languages},
  author={V{\"o}lter, Markus and Benz, Sebastian and Dietrich, Christian and Engelmann, Birgit and Helander, Mats and Kats, Lennart CL and Visser, Eelco and Wachsmuth, Guido and others},
  year={2013},
  publisher={dslbook.org}
}

@inproceedings{ratiu2019fasten,
  title={{FASTEN}: an open extensible framework to experiment with formal specification approaches},
  author={Ratiu, Daniel and Gario, Marco and Schoenhaar, Hannes},
  booktitle={2019 IEEE/ACM 7th International Conference on Formal Methods in Software Engineering},
  pages={41--50},
  year={2019},
  organization={IEEE}
}

@inproceedings{ratiu2012language,
  title={Language engineering as an enabler for incrementally defined formal analyses},
  author={Ratiu, Daniel and Schaetz, Bernhard and V{\"o}lter, Markus and Kolb, Bernd},
  booktitle={2012 First International Workshop on Formal Methods in Software Engineering: Rigorous and Agile Approaches},
  pages={9--15},
  year={2012},
  organization={IEEE}
}

@inproceedings{berger2016efficiency,
  title={Efficiency of projectional editing: A controlled experiment},
  author={Berger, Thorsten and V{\"o}lter, Markus and Jensen, Hans Peter and Dangprasert, Taweesap and Siegmund, Janet},
  booktitle={Proceedings of the 2016 24th ACM SIGSOFT International Symposium on Foundations of Software Engineering},
  pages={763--774},
  year={2016},
  organization={ACM}
}

@techreport{vysoky2018ingrid,
  title={{INGRID}: Creating Languages in {MPS} from {ANTLR} Grammars},
  author={Vysok{\'y}, P{\v r}emysl and Par{\'i}zek, Pavel and Pech, V{\'a}clav},
  year={2018},
  institution={Department of Distributed and Dependable Systems, Univerzita Karlova}
}

@incollection{pech2021jetbrains,
  title={{JetBrains MPS}: Why Modern Language Workbenches Matter},
  author={Pech, V{\'a}clav},
  booktitle={Domain-Specific Languages in Practice},
  pages={1--22},
  year={2021},
  publisher={Springer}
}

@inproceedings{voelter2014supporting,
  title={Supporting Diverse Notations in {MPS'} Projectional Editor},
  author={V{\"o}lter, Markus and Li{\ss}on, Sascha},
  booktitle={2nd International Workshop on The Globalization of Modeling Languages},
  pages={7--16},
  year={2014},
  organization={ACM/IEEE}
}

@inproceedings{voelter2010language2,
  title={Language and IDE Modularization and Composition with MPS},
  author={Voelter, Markus},
  booktitle={International Summer School on Generative and Transformational Techniques in Software Engineering},
  pages={383--430},
  year={2011},
  organization={Springer}
}


@inproceedings{voelter2015using,
  title={Using {C} language extensions for developing embedded software: A case study},
  author={V{\"o}lter, Markus and van Deursen, Arie and Kolb, Bernd and Eberle, Stephan},
  booktitle={Proceedings of the 2015 ACM SIGPLAN International Conference on Object-Oriented Programming, Systems, Languages, and Applications},
  pages={655--674},
  year={2015},
  organization={ACM}
}

@inproceedings{voelter2010embedded,
  title={Embedded software development with projectional language workbenches},
  author={V{\"o}lter, Markus},
  booktitle={International Conference on Model Driven Engineering Languages and Systems},
  pages={32--46},
  year={2010},
  organization={Springer}
}

@inproceedings{guttormsen2017consistent,
  title={Consistent Projectional Text Editors},
  author={Guttormsen, Stian M and Prinz, Andreas and Gj{\o}s{\ae}ter, Terje},
  booktitle={International Conference on Model-Driven Engineering and Software Development},
  pages={515--522},
  year={2017},
  organization={Springer}
}

@inproceedings{voelter2010domain,
  title={Domain specific: a binary decision?},
  author={V{\"o}lter, Markus and Merkle, Bernhard},
  booktitle={Proceedings of the 10th Workshop on Domain-Specific Modeling},
  pages={61--67},
  year={2010},
  organization={ACM}
}

@inproceedings{wortmann2016domain,
  title={Domain specific languages for efficient satellite control software development},
  author={Wortmann, Andreas and Beet, Martin},
  booktitle={Proceedings of the symposium Data Systems In Aerospace},
  year={2016},
  organization={European Space Agency}
}

@article{voelter2013mbeddr,
  title={{mbeddr}: Instantiating a language workbench in the embedded software domain},
  author={V{\"o}lter, Markus and Ratiu, Daniel and Kolb, Bernd and Schaetz, Bernhard},
  journal={Automated Software Engineering},
  volume={20},
  number={3},
  pages={339--390},
  year={2013},
  publisher={Springer}
}

@inproceedings{simonyi2006intentional,
  title={Intentional software},
  author={Simonyi, Charles and Christerson, Magnus and Clifford, Shane},
  booktitle={Proceedings of the 21st annual ACM SIGPLAN Conference on Object-Oriented Programming Systems, Languages, and Applications},
  pages={451--464},
  year={2006},
  organization={ACM}
}

@inproceedings{voelter2016efficient,
  title={Efficient development of consistent projectional editors using grammar cells},
  author={V{\"o}lter, Markus and Szab{\'o}, Tam{\'a}s and Li{\ss}on, Sascha and Kolb, Bernd and Erdweg, Sebastian and Berger, Thorsten},
  booktitle={Proceedings of the 2016 ACM SIGPLAN International Conference on Software Language Engineering},
  pages={28--40},
  year={2016},
  organization={ACM}
}

@inproceedings{pech2013jetbrains,
  title={{JetBrains MPS} as a tool for extending {Java}},
  author={Pech, V{\'a}clav and Shatalin, Alex and V{\"o}lter, Markus},
  booktitle={Proceedings of the 2013 International Conference on Principles and Practices of Programming on the Java Platform: Virtual Machines, Languages, and Tools},
  pages={165--168},
  year={2013},
  organization={ACM}
}

@article{voelter2014projecting,
  title={Projecting a modular future},
  author={V{\"o}lter, Markus and Warmer, Jos and Kolb, Bernd},
  journal={IEEE Software},
  volume={32},
  number={5},
  pages={46--52},
  year={2014},
  publisher={IEEE}
}

@inproceedings{ratiu2018taming,
  title={Taming the software development complexity with domain specific languages},
  author={Ratiu, Daniel and Nehls, Holger and Michel, Jochen},
  booktitle={Modellierung},
  year={2018},
  pages={281--292},
  organization={Gesellschaft f{\"u}r Informatik eV}
}

@inproceedings{voelter2015towards,
  title={Towards improving software security using language engineering and mbeddr {C}},
  author={V{\"o}lter, Markus and Molotnikov, Zaur and Kolb, Bernd},
  booktitle={Proceedings of the Workshop on Domain-Specific Modeling},
  pages={55--62},
  year={2015},
  organization={ACM}
}

@article{voelter2019using,
  title={Using language workbenches and domain-specific languages for safety-critical software development},
  author={V{\"o}lter, Markus and Kolb, Bernd and Birken, Klaus and Tomassetti, Federico and Alff, Patrick and Wiart, Laurent and Wortmann, Andreas and Nordmann, Arne},
  journal={Software \& Systems Modeling},
  volume={18},
  number={4},
  pages={2507--2530},
  year={2019},
  publisher={Springer}
}

@inproceedings{pavletic2013extensible,
  title={Extensible Debugger Framework for Extensible Languages},
  author={Pavletic, Domenik and Raza, Syed Aoun and V{\"o}lter, Markus and Kolb, Bernd and Kehrer, Timo},
  booktitle={Reliable Software Technologies – Ada-Europe 2015},
  pages={33--49},
  publisher={Springer},
  volume={9111},
  year={2015},
}

@inproceedings{voelter2011language,
  title={Language and {IDE} Modularization and Composition with {MPS}},
  author={V{\"o}lter, Markus},
  booktitle={International Summer School on Generative and Transformational Techniques in Software Engineering},
  pages={383--430},
  year={2011},
  organization={Springer}
}

@inproceedings{ratiu2012implementing,
  title={Implementing modular domain specific languages and analyses},
  author={Ratiu, Daniel and V{\"o}lter, Markus and Molotnikov, Zaur and Schaetz, Bernhard},
  booktitle={Proceedings of the Workshop on Model-Driven Engineering, Verification and Validation},
  pages={35--40},
  year={2012},
  organization={ACM}
}

@inproceedings{voelter2012mbeddr,
  title={{mbeddr}: an extensible {C}-based programming language and {IDE} for embedded systems},
  author={V{\"o}lter, Markus and Ratiu, Daniel and Schaetz, Bernhard and Kolb, Bernd},
  booktitle={Proceedings of the 3rd Annual Conference on Systems, Programming, and Applications: Software for Humanity},
  pages={121--140},
  year={2012},
  organization={ACM}
}

@inproceedings{voelter2011product,
  title={Product line engineering using domain-specific languages},
  author={V{\"o}lter, Markus and Visser, Eelco},
  booktitle={2011 15th International Software Product Line Conference},
  pages={70--79},
  year={2011},
  organization={IEEE}
}

@inproceedings{voelter2013requirements,
  title={Requirements as First-Class Citizens: Integrating Requirements Directly with Implementation Artifacts},
  author={V{\"o}lter, Markus and Ratiu, Daniel and Tomassetti, Federico},
  booktitle={Proceedings of Model-based Architecting of Cyber-Physical and Embedded System Workshop},
  year={2013},
  organization={Link{\"o}ping University Electronic Press}
}

@inproceedings{schindler2016language,
  title={Language workbench challenge 2016: the {JetBrains Meta Programming System}},
  author={Schindler, Eugen and Schindler, Klemens and Tomassetti, Federico and Sutii, AM},
  booktitle={LWC SLE 2016 Language Workbench Challenge, Systems, Programming, Languages and Applications: Software for Humanity 2016},
  year={2016},
  organization={ACM}
}

@incollection{prinz2021teaching,
  title={Teaching Language Engineering Using {MPS}},
  author={Prinz, Andreas},
  booktitle={Domain-Specific Languages in Practice},
  pages={315--336},
  year={2021},
  publisher={Springer}
}

@inproceedings{tomassetti2020reflections,
  title={Reflections on the Lack of Adoption of Domain Specific Languages},
  author={Tomassetti, Federico and Zaytsev, Vadim},
  booktitle={Software Technologies: Applications and Foundations Workshops},
  pages={85--94},
  year={2020},
  organization={Springer}
}

@misc{Fowler_lwb,
  title={Language workbenches: The killer-app for domain specific languages?},
  author={Fowler, Martin},
  howpublished={\url{http://martinfowler.com/articles/languageWorkbench.html}},
  year={2005},
  note={Accessed: 2021-02-02}
}

@article{Zhang_2011,
  title={Identifying Relevant Studies in Software Engineering},
  author={Zhang, He and Babar, Muhammad Ali and Tell, Paolo},
  journal={Inf. Softw. Technol.},
  number={6},
  pages={625–-637},
  publisher={Butterworth-Heinemann},
  volume={53},
  year={2011},
}

@inproceedings{Wohlin_2014,
  title={Guidelines for Snowballing in Systematic Literature Studies and a Replication in Software Engineering},
  author={Wohlin, Claes},
  booktitle={Proceedings of the 18th International Conference on Evaluation and Assessment in Software Engineering},
  pages={314--324},
  year={2014},
  organization={ACM}
}

@book{wohlin2012,
  title={Experimentation in software engineering},
  author={Wohlin, Claes and Runeson, Per and H{\"o}st, Martin and Ohlsson, Magnus C and Regnell, Bj{\"o}rn and Wessl{\'e}n, Anders},
  year={2012},
  publisher={Springer Science \& Business Media}
}

@incollection{Staron_2019,
  year={2019},
  author={Staron, Miroslaw},
  booktitle={Action Research in Software Engineering},
  pages={141--151},
  publisher={Springer International Publishing},
  title={Action Research vs. Design Research},
}

@article{Cohen_1960,
  author={Jacob Cohen},
  title ={A Coefficient of Agreement for Nominal Scales},
  journal={Educational and Psychological Measurement},
  volume={20},
  number={1},
  pages={37--46},
  year={1960},
}
  
@article{OMara-Eves_2015,
  author={O'Mara-Eves, Alison and Thomas, James and McNaught, John and Miwa, Makoto and Ananiadou, Sophia},
  year={2015},
  title={Using text mining for study identification in systematic reviews: A systematic review of current approaches},
  number={1},
  pages={1--22},
  volume={4},
  journal={Systematic Reviews},
}

@article{gregor2006nature,
  title={The nature of theory in information systems},
  author={Gregor, Shirley},
  journal={Management Information Systems Quarterly},
  pages={611--642},
  year={2006},
  publisher={JSTOR}
}

@misc{Axure_ProductPage,
  title={Axure Product Page},
  howpublished={\url{https://www.axure.com/}},
  note={Accessed: 2021-08-23}
}

@book{bryman2016social,
  title={Social research methods},
  author={Bryman, Alan},
  year={2016},
  publisher={Oxford University Press}
}

@book{de2013surveys,
  title={Surveys in social research},
  author={de Vaus, David and de Vaus, David},
  year={2013},
  publisher={Routledge}
}

@book{likert1932technique,
  title={A technique for the measurement of attitudes},
  author={Likert, Rensis},
  year={1932},
  publisher={New York University}  
}

@article{armstrong1977estimating,
  title={Estimating nonresponse bias in mail surveys},
  author={Armstrong, J Scott and Overton, Terry S},
  journal={Journal of Marketing Research},
  volume={14},
  number={3},
  pages={396--402},
  year={1977},
  publisher={SAGE Publications}
}

@article{podsakoff2003common,
  title={Common method biases in behavioral research: a critical review of the literature and recommended remedies},
  author={Podsakoff, Philip M and MacKenzie, Scott B and Lee, Jeong-Yeon and Podsakoff, Nathan P},
  journal={Journal of Applied Psychology},
  volume={88},
  number={5},
  pages={879--903},
  year={2003},
  publisher={American Psychological Association}
}

@article{lindell2001accounting,
  title={Accounting for common method variance in cross-sectional research designs},
  author={Lindell, Michael K and Whitney, David J},
  journal={Journal of Applied Psychology},
  volume={86},
  number={1},
  pages={114--121},
  year={2001},
  publisher={American Psychological Association}
}

@article{gorrell2011countering,
  title={Countering method bias in questionnaire-based user studies},
  author={Gorrell, Genevieve and Ford, Nigel and Madden, Andrew and Holdridge, Peter and Eaglestone, Barry},
  journal={Journal of Documentation},
  number={3},
  pages={507--524},
  volume={67},
  year={2011},
  publisher={Emerald Group Publishing Limited}
}

@book{goldstein2008yes,
  title={Yes: 50 scientifically proven ways to be persuasive},
  author={Goldstein, Noah J and Martin, Steve J and Cialdini, Robert},
  year={2008},
  publisher={Simon and Schuster}
}

@book{crombie1997pocket,
  title={The pocket guide to critical appraisal: a handbook for health care professionals},
  author={Crombie, Iain K and Harvey, Bart J},
  year={1996},
  publisher={BMJ Publishing Group}
}

@article{cowlishaw1987lexx,
  title={{LEXX}—A programmable structured editor},
  author={Cowlishaw, Mike F.},
  journal={IBM Journal of Research and Development},
  volume={31},
  number={1},
  pages={73--80},
  year={1987},
  publisher={IBM}
}

@inproceedings{sarkar2015impact,
  title={The impact of syntax colouring on program comprehension},
  author={Sarkar, Advait},
  booktitle={Proceedings of the 26th Annual Conference of the Psychology of Programming Interest Group},
  pages={49-–58},
  year={2015},
  organization={ACM}
}

@inproceedings{hou2010towards,
  title={Towards a better code completion system by {API} grouping, filtering, and popularity-based ranking},
  author={Hou, Daqing and Pletcher, David M},
  booktitle={Proceedings of the 2nd International Workshop on Recommendation Systems for Software Engineering},
  pages={26--30},
  year={2010},
  organization={ACM}
}

@inproceedings{yoon2013visualization,
  title={Visualization of fine-grained code change history},
  author={Yoon, YoungSeok and Myers, Brad A and Koo, Sebon},
  booktitle={2013 IEEE Symposium on Visual Languages and Human Centric Computing},
  pages={119--126},
  year={2013},
  organization={IEEE}
}

@article{dijkstra1972humble,
  title={The humble programmer},
  author={Dijkstra, Edsger W},
  journal={Communications of the ACM},
  volume={15},
  number={10},
  pages={859--866},
  year={1972},
  publisher={ACM}
}

@article{pooch1974translation,
  title={Translation of decision tables},
  author={Pooch, Udo W},
  journal={ACM Computing Surveys},
  volume={6},
  number={2},
  pages={125--151},
  year={1974},
  publisher={ACM}
}

@inproceedings{bradley2009using,
  title={Using {Bayesian} statistical methods to determine the level of error in large spreadsheets},
  author={Bradley, Leslie and McDaid, Kevin},
  booktitle={2009 31st International Conference on Software Engineering-Companion Volume},
  pages={351--354},
  year={2009},
  organization={IEEE}
}

@book{wittgenstein2013tractatus,
  title={Tractatus logico-philosophicus},
  author={Wittgenstein, Ludwig},
  year={2013},
  publisher={Routledge}
}

@inproceedings{robbins2011plotting,
  title={Plotting {Likert} and other rating scales},
  author={Robbins, Naomi B and Heiberger, Richard M and others},
  booktitle={Proceedings of the 2011 Joint Statistical Meeting},
  volume={1},
  year={2011}
}

@article{blasius2001use,
  title={The use of neutral responses in survey questions: An application of multiple correspondence analysis},
  author={Blasius, Jorg and Thiessen, Victor},
  journal={Journal of Official Statistics - Stockholm},
  volume={17},
  number={3},
  pages={351--368},
  year={2001},
  publisher={Almqvist \& Wiksell International}
}

@article{mann1947test,
  title={On a test of whether one of two random variables is stochastically larger than the other},
  author={Mann, Henry B and Whitney, Donald R},
  journal={The Annals of Mathematical Statistics},
  pages={50--60},
  year={1947},
  publisher={JSTOR}
}

@article{kruskal1952use,
  title={Use of ranks in one-criterion variance analysis},
  author={Kruskal, William H and Wallis, W Allen},
  journal={Journal of the American Statistical Association},
  volume={47},
  number={260},
  pages={583--621},
  year={1952},
  publisher={Taylor \& Francis}
}

@article{DaSilvaFabioQ.B2011Syos,
  title={Six years of systematic literature reviews in software engineering: An updated tertiary study},
  author={Da Silva, Fabio Q.B and Santos, André L.M and Soares, Sérgio and França, A. César C and Monteiro, Cleviton V.F and Maciel, Felipe Farias},
  journal={Information and Software Technology},
  number={9},
  pages={899--913},
  volume={53},
  year={2011},
}

@article{runeson2009guidelines,
  title={Guidelines for conducting and reporting case study research in software engineering},
  author={Runeson, Per and H{\"o}st, Martin},
  journal={Empirical Software Engineering},
  volume={14},
  number={2},
  pages={131--164},
  year={2009},
}

@article{GreenhalghTrisha2005Eaeo,
  title={Effectiveness and efficiency of search methods in systematic reviews of complex evidence: audit of primary sources},
  author={Greenhalgh, Trisha and Peacock, Richard},
  journal={The BMJ (British Medical Journal)},
  volume={331},
  number={7524},
  pages={1064--1065},
  year={2005},
}

@inproceedings{erdweg2013state,
  title={The state of the art in language workbenches},
  author={Erdweg, Sebastian and van der Storm, Tijs and V{\"o}lter, Markus and Boersma, Meinte and Bosman, Remi and Cook, William R and Gerritsen, Albert and Hulshout, Angelo and Kelly, Steven and Loh, Alex and others},
  booktitle={International Conference on Software Language Engineering},
  pages={197--217},
  year={2013},
  organization={Springer}
}

@article{iung2020systematic,
  title={Systematic mapping study on domain-specific language development tools},
  author={Iung, An{\'\i}bal and Carbonell, Jo{\~a}o and Marchezan, Luciano and Rodrigues, Elder and Bernardino, Maicon and Basso, Fabio Paulo and Medeiros, Bruno},
  journal={Empirical Software Engineering},
  volume={25},
  number={5},
  pages={4205--4249},
  year={2020},
  publisher={Springer}
}

@phdthesis{c6b96d80d14c4113b1290a909fcb8b16,
  title="Generic tools, specific languages",
  author="M V{\"o}lter",
  year="2014",
  language="English",
  school="Delft University of Technology",
}

@incollection{ratiu2021use,
  title={Use {MPS} to Unleash the Creativity of Domain Experts: Language Engineering Is a Key Enabler for Bringing Innovation in Industry},
  author={Ratiu, Daniel and Nehls, Holger and Joanni, Andreas and Rothbauer, Stefan},
  booktitle={Domain-Specific Languages in Practice},
  pages={25--52},
  year={2021},
  publisher={Springer}
}

@inproceedings{lapaev2014vodre,
  title={{VODRE}: Visualisation of {Drools} rules execution},
  author={Lapaev, Maxim and Kolchin, Maxim},
  booktitle={Proceedings of 15th Conference of Open Innovations Association},
  pages={77--84},
  year={2014},
  organization={IEEE}
}

@inproceedings{ostermayer2013simplifying,
  title={Simplifying the Development of Rules Using Domain Specific Languages in {Drools}},
  author={Ostermayer, Ludwig and Sun, Geng and Seipel, Dietmar},
  booktitle={20th International Conference on Applications of Declarative Programming and Knowledge Management},
  pages={198--2012},
  year={2013},
  organization={Christian-Albrechts-Universit{\"a}t zu Kiel}
}

@article{sa2016g,
  title={The {G-ACM} Tool: using the {Drools} Rule Engine for Access Control Management},
  author={S{\'a}, Joao and Alves, Sandra and Broda, Sabine},
  journal={ArXiv},
  year={2016}
}

@misc{Birken_Interactive,
  title={Interactive Model-based Resource Analysis for Systems Engineers},
  author={Birken,Klaus},
  howpublished={\url{https://www.youtube.com/watch?v=TD3k8TGIaIE}},
  year={2021},
  note={Accessed: 2021-09-25}
}

@misc{Beadman_Journey,
  title={A Journey With {MPS} in {FinTech}: One Year Later},
  author={Beadman,Tom},
  howpublished={\url{https://www.youtube.com/watch?v=pqNpL0eoTZM}},
  year={2021},
  note={Accessed: 2021-09-25}
}

@misc{Bock_stief,
  title={{stiEF} – A textual scenario description language},
  author={Bock,Florian},
  howpublished={\url{https://www.youtube.com/watch?v=PM82RBef5OI}},
  year={2021},
  note={Accessed: 2021-09-25}
}

@inproceedings{hermans2020hedy,
  title={Hedy: A Gradual Language for Programming Education},
  author={Hermans, Felienne},
  booktitle={Proceedings of the 2020 ACM Conference on International Computing Education Research},
  pages={259--270},
  year={2020},
  organization={ACM}
}

@book{kitchenham2015evidence,
  title={Evidence-based software engineering and systematic reviews},
  author={Kitchenham, Barbara Ann and Budgen, David and Brereton, Pearl},
  year={2015},
  publisher={CRC press}
}

@incollection{Lukyanenko_2014,
  title={Instantiation Validity in {IS} Design Research},
  author={Lukyanenko, Roman and Evermann, Joerg and Parsons, Jeffrey},
  booktitle={Advancing the Impact of Design Science: Moving from Theory to Practice},
  pages={321--328},
  year={2014},
  publisher={Springer}
}

@inproceedings{lafontant2020gentleman_SLR,
  title={Gentleman: a light-weight web-based projectional editor generator},
  author={Lafontant, Louis-Edouard and Syriani, Eugene},
  booktitle={Proceedings of the 23rd ACM/IEEE International Conference on Model Driven Engineering Languages and Systems: Companion Proceedings},
  pages={1--5},
  year={2020},
  organization={ACM/IEEE},
  keywords={SLR}
}

@incollection{voelterdomain_SLR,
  title={A Domain-Specific Language for Payroll Calculations: a Case Study at {DATEV}},
  author={V{\"o}lter, Markus and Ko{\v{s}}cejev, Sergej and Riedel, Marcel and Deitsch, Anna and Hinkelmann, Andreas},
  booktitle={Domain-Specific Languages in Practice},  
  pages={93--130}, 
  year={2021},
  publisher={Springer},
  keywords={SLR}
}

@inproceedings{schropfer2021framework_SLR,
  title={A Framework for Projectional Multi-variant Model Editors},
  author={Schr{\"o}pfer, Johannes and Buchmann, Thomas and Westfechtel, Bernhard},
  booktitle={International Conference on Model-Driven Engineering and Software Development},
  pages={294--305},
  year={2021},
  organization={Springer},
  keywords={SLR}
}

@inproceedings{schropfer2020generic_SLR,
  title={A Generic Projectional Editor for {EMF} Models},
  author={Schr{\"o}pfer, Johannes and Westfechtel, Bernhard and Buchmann, Thomas},
  booktitle={International Conference on Model-Driven Engineering and Software Development},
  pages={381--392},
  year={2020},
  organization={Springer},
  keywords={SLR}
}

@inproceedings{bucchiarone2019model_SLR,
  title={A model-driven approach towards automatic migration to microservices},
  author={Bucchiarone, Antonio and Soysal, Kemal and Guidi, Claudio},
  booktitle={International Workshop on Software Engineering Aspects of Continuous Development and New Paradigms of Software Production and Deployment},
  pages={15--36},
  year={2019},
  organization={Springer},
  keywords={SLR}
}

@article{meacham2020adaptivevle_SLR,
  title={{AdaptiveVLE}: An Integrated Framework for Personalized Online Education Using {MPS JetBrains} Domain-Specific Modeling Environment},
  author={Meacham, Sofia and Pech, V{\'a}clav and Nauck, Detlef},
  journal={IEEE Access},
  volume={8},
  pages={184621--184632},
  year={2020},
  publisher={IEEE},
  keywords={SLR}
}

@article{andersen2020adding_SLR,
  title={Adding interactive visual syntax to textual code},
  author={Andersen, Leif and Ballantyne, Michael and Felleisen, Matthias},
  journal={Proceedings of the ACM on Programming Languages},
  volume={4},
  pages={1--28},
  year={2020},
  publisher={ACM},
  keywords={SLR}
}

@article{addazi2021blended_SLR,
  title={Blended graphical and textual modelling for {UML} profiles: A proof-of-concept implementation and experiment},
  author={Addazi, Lorenzo and Ciccozzi, Federico},
  journal={Journal of Systems and Software},
  volume={175},
  pages={169--186},
  year={2021},
  publisher={Elsevier},
  keywords={SLR}
}

@article{meacham2020classification_SLR,
  title={Classification algorithms framework ({CAF}) to enable intelligent systems using {JetBrains MPS} domain-specific languages environment},
  author={Meacham, Sofia and Pech, V{\'a}clav and Nauck, Detlef},
  journal={IEEE Access},
  volume={8},
  pages={14832--14840},
  year={2020},
  publisher={IEEE},
  keywords={SLR}
}

@inproceedings{furtado2021dsl_SLR,
  title={{DSL} Based Approach for Building Model-Driven Questionnaires},
  author={Furtado, Ant{\^o}nio L},
  booktitle={Enterprise Information Systems: 22nd International Conference},
  pages={458-480},
  year={2021},
  organization={Springer},
  keywords={SLR}
}

@inproceedings{beckmann2020efficient_SLR,
  title={Efficient editing in a tree-oriented projectional editor},
  author={Beckmann, Tom},
  booktitle={Conference Companion of the 4th International Conference on Art, Science, and Engineering of Programming},
  pages={215--216},
  year={2020},
  organization={ACM},
  keywords={SLR}
}

@inproceedings{kolovos2020efficient_SLR,
  title={Efficient generation of graphical model views via lazy model-to-text transformation},
  author={Kolovos, Dimitris and de la Vega, Alfonso and Cooper, Justin},
  booktitle={Proceedings of the 23rd ACM/IEEE International Conference on Model Driven Engineering Languages and Systems},
  pages={12--23},
  year={2020},
  organization={ACM/IEEE},
  keywords={SLR}
}

@incollection{bucchiarone2021engineering_SLR,
  title={Engineering Gameful Applications with {MPS}},
  author={Bucchiarone, Antonio and Cicchetti, Antonio and Marconi, Annapaola},
  booktitle={Domain-Specific Languages in Practice},
  pages={227--258},
  year={2021},
  publisher={Springer},
  keywords={SLR}
}

@incollection{ratiu2021fasten_SLR,
  title={{FASTEN}: An Extensible Platform to Experiment with Rigorous Modeling of Safety-Critical Systems},
  author={Ratiu, Daniel and Nordmann, Arne and Munk, Peter and Carlan, Carmen and V{\"o}lter, Markus},
  booktitle={Domain-Specific Languages in Practice},
  pages={131--164},
  year={2021},
  publisher={Springer},
  keywords={SLR}
}

@inproceedings{schropfer2019integrating_SLR,
  title={Integrating {UML and ALF}: An Approach to Overcome the Code Generation Dilemma in Model-Driven Software Engineering},
  author={Schr{\"o}pfer, Johannes and Buchmann, Thomas},
  booktitle={International Conference on Model-Driven Engineering and Software Development},
  year={2019},
  pages={1--26},
  organization={Springer},
  keywords={SLR}
}

@inproceedings{santos2020javardise_SLR,
  title={Javardise: a structured code editor for programming pedagogy in {Java}},
  author={Santos, Andr{\'e} L},
  booktitle={Conference Companion of the 4th International Conference on Art, Science, and Engineering of Programming},
  pages={120--125},
  year={2020},
  organization={ACM},
  keywords={SLR}
}

@incollection{schindler2021jetbrains_SLR,
  title={{JetBrains MPS} as Core {DSL} Technology for Developing Professional Digital Printers},
  author={Schindler, Eugen and Moneva, Hristina and van Pinxten, Joost and van Gool, Louis and van der Meulen, Bart and Stotz, Niko and Theelen, Bart},
  booktitle={Domain-Specific Languages in Practice},
  pages={53--91},
  year={2021},
  publisher={Springer},
  keywords={SLR}
}

@incollection{simi2021learning_SLR,
  title={Learning Data Analysis with {MetaR}},
  author={Simi, Manuele},
  booktitle={Domain-Specific Languages in Practice},
  pages={259--290},
  year={2021},
  publisher={Springer},
  keywords={SLR}
}

@incollection{stotz2021migrating_SLR,
  title={Migrating Insurance Calculation Rule Descriptions from {Word to MPS}},
  author={Stotz, Niko and Birken, Klaus},
  booktitle={Domain-Specific Languages in Practice},
  pages={165--194},
  year={2021},
  publisher={Springer},
  keywords={SLR}
}

@article{munk2020model_SLR,
  title={Model-based safety assessment with {SysML} and component fault trees: application and lessons learned},
  author={Munk, Peter and Nordmann, Arne},
  journal={Software and Systems Modeling},
  volume={19},
  number={4},
  pages={889--910},
  year={2020},
  publisher={Springer},
  keywords={SLR}
}

@inproceedings{bucchiarone2020papyrus_SLR,
  title={Papyrus for gamers, let's play modeling},
  author={Bucchiarone, Antonio and Savary-Leblanc, Maxime and Pallec, Xavier Le and Bruel, Jean-Michel and Cicchetti, Antonio and Cabot, Jordi and Gerard, Sebastien and Aslam, Hamna and Marconi, Annapaola and Perillo, Mirko},
  booktitle={Proceedings of the 23rd ACM/IEEE International Conference on Model Driven Engineering Languages and Systems: Companion Proceedings},
  pages={21--25},
  year={2020},
  organization={ACM/IEEE},
  keywords={SLR}
}

@incollection{merino2021projecting_SLR,
  title={Projecting Textual Languages},
  author={Merino, Mauricio Verano and Bartels, Jur and van den Brand, Mark and van der Storm, Tijs and Schindler, Eugen},
  booktitle={Domain-Specific Languages in Practice},
  pages={197--225},
  year={2021},
  publisher={Springer},
  keywords={SLR}
}

@inproceedings{cuinat2020specedit_SLR,
  title={{SpecEdit}: Projectional Editing for {TLA+} Specifications},
  author={Cuinat, Riwan and Teodorov, Ciprian and Champeau, Joel},
  booktitle={2020 IEEE Workshop on Formal Requirements},
  year={2020},
  pages={1--7},
  organization={IEEE},
  keywords={SLR}
}

@incollection{prinz2021teaching_SLR,
  title={Teaching Language Engineering Using {MPS}},
  author={Prinz, Andreas},
  booktitle={Domain-Specific Languages in Practice},
  pages={315--336},
  year={2021},
  publisher={Springer},
  keywords={SLR}
}

@incollection{barash2021teaching_SLR,
  title={Teaching {MPS}: Experiences from Industry and Academia},
  author={Barash, Mikhail and Pech, V{\'a}clav},
  booktitle={Domain-Specific Languages in Practice},
  pages={293--313},
  year={2021},
  publisher={Springer},
  keywords={SLR}
}

@inproceedings{hempel2020tiny_SLR,
  title={Tiny Structure Editors for Low, Low Prices! (Generating {GUIs} from {toString} Functions)},
  author={Hempel, Brian and Chugh, Ravi},
  booktitle={2020 IEEE Symposium on Visual Languages and Human-Centric Computing},
  year={2020},
  organization={IEEE},
  keywords={SLR}
}

@inproceedings{negm2020towards_SLR,
  title={Towards Ontology-based Domain Specific Language for Internet of Things},
  author={Negm, Eman and Makady, Soha and Salah, Akram},
  booktitle={Proceedings of the 2020 9th International Conference on Software and Information Engineering},
  pages={146--151},
  year={2020},
  organization={ACM},
  keywords={SLR}
}

@inproceedings{lubin2020type_SLR,
  title={Type-Directed Program Transformations for the Working Functional Programmer},
  author={Lubin, Justin and Chugh, Ravi},
  booktitle={10th Workshop on Evaluation and Usability of Programming Languages and Tools},
  pages={1--12},
  year={2020},
  organization={Schloss Dagstuhl-Leibniz-Zentrum f{\"u}r Informatik},
  keywords={SLR}
}

@article{ozkaya2021practitioners_SLR,
  title={What do practitioners expect from the meta-modeling tools? A survey},
  author={Ozkaya, Mert and Akdur, Deniz},
  journal={Journal of Computer Languages},
  volume = {63},
  pages={1--21},
  year={2021},
  keywords={SLR}
}